@article{ekstrand2011collaborative,
  title={Collaborative filtering recommender systems},
  author={Ekstrand, Michael D and Riedl, John T and Konstan, Joseph A},
  journal={Foundations and Trends in Human-Computer Interaction},
  volume={4},
  number={2},
  pages={81--173},
  year={2011},
  publisher={Now Publishers Inc.}
}

@inproceedings{resnick1994grouplens,
  title={GroupLens: an open architecture for collaborative filtering of netnews},
  author={Resnick, Paul and Iacovou, Neophytos and Suchak, Mitesh and Bergstrom, Peter and Riedl, John},
  booktitle={Proceedings of the 1994 ACM conference on Computer supported cooperative work},
  pages={175--186},
  year={1994},
  organization={ACM}
}

@inproceedings{Sarwar:2001:ICF:371920.372071,
  author = {Sarwar, Badrul and Karypis, George and Konstan, Joseph and Riedl, John},
  title = {Item-based Collaborative Filtering Recommendation Algorithms},
  booktitle = {Proceedings of the 10th International Conference on World Wide Web},
  series = {WWW '01},
  year = {2001},
  isbn = {1-58113-348-0},
  location = {Hong Kong, Hong Kong},
  pages = {285--295},
  numpages = {11},
  url = {http://doi.acm.org/10.1145/371920.372071},
  doi = {10.1145/371920.372071},
  acmid = {372071},
  publisher = {ACM},
  address = {New York, NY, USA},
} 
