@article{ekstrand2011collaborative,
  title={Collaborative filtering recommender systems},
  author={Ekstrand, Michael D and Riedl, John T and Konstan, Joseph A},
  journal={Foundations and Trends in Human-Computer Interaction},
  volume={4},
  number={2},
  pages={81--173},
  year={2011},
  publisher={Now Publishers Inc.}
}

@inproceedings{resnick1994grouplens,
  title={GroupLens: an open architecture for collaborative filtering of netnews},
  author={Resnick, Paul and Iacovou, Neophytos and Suchak, Mitesh and Bergstrom, Peter and Riedl, John},
  booktitle={Proceedings of the 1994 ACM conference on Computer supported cooperative work},
  pages={175--186},
  year={1994},
  organization={ACM}
}